@article{goldenberg2014enhanced,
	author    = {Meir Goldenberg and
	Ariel Felner and
	Roni Stern and
	Guni Sharon and
	Nathan R. Sturtevant and
	Robert C. Holte and
	Jonathan Schaeffer},
	title     = {Enhanced Partial Expansion {A}},
	journal   = {J. Artif. Intell. Res. {(JAIR)}},
	volume    = {50},
	pages     = {141--187},
	year      = {2014}
}




@article{dechter1985generalizedBestFirst,
	author               = {R. Dechter and J. Pearl},
	journal              = {Journal of the Association for Computing Machinery},
	pages                = {505-536},
	title                = {Generalized best-first search strategies and the optimality of {A}*},
	volume               = {32(3)},
	year                 = {1985},
}


@inproceedings{WiltR14,
  author    = {Christopher Makoto Wilt and
               Wheeler Ruml},
  title     = {Speedy Versus Greedy Search},
  booktitle = {Proceedings of the Seventh Annual Symposium on Combinatorial Search,
               {SOCS} 2014, Prague, Czech Republic, 15-17 August 2014.},
  year      = {2014}
}

@inproceedings{ThayerBH12,
  author    = {J. T. Thayer and
               J. Benton and
               Malte Helmert},
  title     = {Better Parameter-Free Anytime Search by Minimizing Time Between Solutions},
  booktitle = {Proceedings of the Fifth Annual Symposium on Combinatorial Search,
               {SOCS} 2012, Niagara Falls, Ontario, Canada, July 19-21, 2012},
  year      = {2012}
}


@inproceedings{WiltR11,
  author    = {Christopher Makoto Wilt and
               Wheeler Ruml},
  title     = {Cost-Based Heuristic Search Is Sensitive to the Ratio of Operator
               Costs},
  booktitle = {Proceedings of the Fourth Annual Symposium on Combinatorial Search,
               {SOCS} 2011, Castell de Cardona, Barcelona, Spain, July 15.16, 2011},
  year      = {2011},
  crossref  = {DBLP:conf/socs/2011}
}


@inproceedings{GILON2016,
  author    = {D. Gilon and
               A. Felner and
               R. Stern},
  title     = {Dynamic Potential Search - {A} New Bounded Suboptimal Search},
  booktitle = {Proceedings of the Ninth Annual Symposium on Combinatorial Search,
               {SOCS} 2016, Tarrytown, NY, USA, July 6-8, 2016.},
  pages     = {36--44},
  year      = {2016}
}

@article{Korf85,
  author    = {Richard E. Korf},
  title     = {Depth-First Iterative-Deepening: An Optimal Admissible Tree Search},
  journal   = {Artif. Intell.},
  volume    = {27},
  number    = {1},
  pages     = {97--109},
  year      = {1985}
}

@inproceedings{BurnsHLR12,
  author    = {Ethan Andrew Burns and
               Matthew Hatem and
               Michael J. Leighton and
               Wheeler Ruml},
  title     = {Implementing Fast Heuristic Search Code},
  booktitle = {SoCS},
  year      = {2012}
}



@inproceedings{MMAAAI16,
  author    = {Robert  C. Holte and  Ariel Felner and  Guni Sharon and   Nathan R. Sturtevant},
  title     = {Bidirectional Search That Is Guaranteed to Meet in the Middle},
  booktitle = {Proceedings of the {AAAI} Conference on Artificial Intelligence},
  year      = {2016}
}

@article{lelis2016predicting,
  title={Predicting optimal solution costs with bidirectional stratified sampling in regular search spaces},
  author={Lelis, Levi HS and Stern, Roni and Arfaee, Shahab Jabbari and Zilles, Sandra and Felner, Ariel and Holte, Robert C},
  journal={Artificial Intelligence},
  volume={230},
  pages={51--73},
  year={2016},
  publisher={Elsevier}
}

@article{lelis2014predicting,
  title={Predicting optimal solution cost with conditional probabilities},
  author={Lelis, Levi HS and Stern, Roni and Felner, Ariel and Zilles, Sandra and Holte, Robert C},
  journal={Annals of Mathematics and Artificial Intelligence},
  volume={72},
  number={3-4},
  pages={267--295},
  year={2014},
  publisher={Springer}
}


@article{Lippi,
  title={Optimally solving permutation sorting problems with efficient partial expansion bidirectional heuristic search},
  author={M. Lippi and M. Ernandes and  Ariel Felner},
  journal={Artificial Intelligence Communication},
  year={2016},
  publisher={To appear}
}

@book{ghallab2004automated,
  title={Automated planning: theory \& practice},
  author={Ghallab, Malik and Nau, Dana and Traverso, Paolo},
  year={2004},
  publisher={Elsevier}
}


@inproceedings{helmert2010landmark,
  title={Landmark heuristics for the pancake problem},
  author={Helmert, Malte},
  booktitle={Third Annual Symposium on Combinatorial Search (SoCS)},
  year={2010}
}


@book{russell1995artificial,
  title={Artificial intelligence: a modern approach},
  author={Russell, Stuart and Norvig, Peter},
  publisher={Prentice Hall},
    year={1995}
}

@inproceedings{valenzano2013using,
  title={Using Alternative Suboptimality Bounds in Heuristic Search.},
  author={Valenzano, Richard Anthony and Arfaee, Shahab Jabbari and Thayer, Jordan Tyler and Stern, Roni and Sturtevant, Nathan R},
  booktitle={ICAPS},
  year={2013}
}


@article{EbendtD09,
  author    = {R{\"{u}}diger Ebendt and
               Rolf Drechsler},
  title     = {Weighted {A}* search - unifying view and application},
  journal   = {Artif. Intell.},
  volume    = {173},
  number    = {14},
  pages     = {1310--1342},
  year      = {2009}
}



@inproceedings{wilt2014speedy,
  title={Speedy versus greedy search},
  author={Wilt, Christopher Makoto and Ruml, Wheeler},
  booktitle={Seventh Annual Symposium on Combinatorial Search},
  year={2014}
}


@inproceedings{Ruml10,
  author    = {Wheeler Ruml},
  title     = {The Logic of Benchmarking: {A} Case Against State-of-the-Art Performance},
  booktitle = {Proceedings of the Third Annual Symposium on Combinatorial Search,
               {SOCS} 2010, Stone Mountain, Atlanta, Georgia, USA, July 8-10, 2010},
  year      = {2010},
}


@incollection{ai4games,
  author={Vadim Bulitko and Yngvi Bj{\"o}rnsson and Nathan R. Sturtevant and Ramon Lawrence},
  title={Real-Time Heuristic Search for Pathfinding in Video Games},
  booktitle={Applied Research in Artificial Intelligence for Computer Games},
  publisher={Springer},
  year={2011},
}

@article{JAIRPDB,
   author="A. Felner and R. E. Korf and S. Hanan",
       title="Additive pattern database heuristics",
       journal="JAIR",
       volume= 22,
       pages="279--318",
       year = 2004
   }


@inproceedings{richter2010joy,
  title={The Joy of Forgetting: Faster Anytime Search via Restarting.},
  author={Richter, Silvia and Thayer, Jordan Tyler and Ruml, Wheeler},
  booktitle={ICAPS},
  pages={137--144},
  year={2010}
}


@inproceedings{incon2007,
  author    = {U. Zahavi and
               A. Felner and
               J. Schaeffer and
               N. Sturtevant},
  title     = {Inconsistent Heuristics},
  booktitle = {AAAI},
  pages     = {1211--1216},
  year      = {2007}
}



@TECHREPORT{SUPP,
  AUTHOR =        {Anonymous},
  TITLE =         {Technical Report: Different trends for {WA*}},
  year      = {2014},
  note  =        {Available at \url{https://drive.google.com/file/d/0B0Q22P-_lFBWZ04tcGJPYTFMSmM/view?usp=sharing}},
}



@inproceedings{ValenzanoSS14,
  author    = {Richard Anthony Valenzano and
               Nathan R. Sturtevant and
               Jonathan Schaeffer},
  title     = {Worst-Case Solution Quality Analysis When Not Re-Expanding Nodes in
               Best-First Search},
  booktitle = {AAAI},
  pages     = {885--892},
  year      = {2014}
}

@article{hartNR68Astar,
  author    = {Peter E. Hart and
               Nils J. Nilsson and
               Bertram Raphael},
  title     = {A Formal Basis for the Heuristic Determination of Minimum
               Cost Paths},
  journal   = {IEEE Transactions on Systems Science and Cybernetics},
  volume = {SSC-4(2)},
  year      = {1968},
  pages     = {100--107},
}
@article{Pohl70HeuristicSearchPathFinding,
  author    = {Ira Pohl},
  title     = {Heuristic Search Viewed as Path Finding in a Graph},
  journal   = {Artificial Intelligence},
  volume = 1,
  number = {3-4},
  pages = {193--204},
  year      = {1970},
}

@inproceedings{Korf1992LinearSpaceBestFirstSearch,
    author    = {Richard E. Korf},
    title     = {Linear-Space Best-First Search: Summary of Results},
    booktitle = {Proceedings of the tenth national conference on Artificial intelligence},
    series = {AAAI'92},
    year      = {1992},
    pages = {533--538},
}

@article{HansenZ07AnytimeHeuristicSearch,
  author    = {Eric A. Hansen and
               Rong Zhou},
  title     = {Anytime Heuristic Search},
  journal   = {Journal of Artificial Intelligence Research (JAIR)},
  volume = {28},
  pages = {267--297},
  year = {2007},
}

@inproceedings{ThayerR08FasterThanWAstar,
  author    = {Jordan Tyler Thayer and
               Wheeler Ruml},
  title     = {Faster than Weighted {A}*: An Optimistic Approach to Bounded
               Suboptimal Search},
  booktitle = {ICAPS},
  year      = {2008},
}
@article{ebendt09WAS,
 author = {Ebendt, R\"{u}diger and Drechsler, Rolf},
 title = {Weighted {A}* search -- unifying view and application},
 journal = {Artif. Intell.},
 publisher = {Elsevier Science Publishers Ltd.},
 address = {Essex, UK},
 volume = {173},
 number = {14},
 pages = {1310--1342},
 year      = {2009},
}

@article{sturtevant2012benchmarks,
  title={Benchmarks for Grid-Based Pathfinding},
  author={Sturtevant, Nathan},
  journal={Transactions on Computational Intelligence and AI in Games},
  year={2012},
}


@inproceedings{likhachevGT03AnytimeRepairingAstar,
  author = {Likhachev, Maxim and Gordon, Geoffrey J. and Thrun, Sebastian},
  title = {{ARA}*: Anytime {A}* with Provable Bounds on Sub-Optimality.},
  booktitle = {NIPS},
  year = 2004
}

@conference{ThayerRuml2011SurveySuboptimalSearch,
    author    = {Thayer, Jordan Tyler and Ruml, Wheeler},
    title     = {A Survey of Suboptimal Search Algorithms, a tutorial given at the Twenty-first International Conference on Automated Planning and Scheduling},
    booktitle = {ICAPS-11},
    month     = {June},
    year      = {2011},
}

@inproceedings{MalimaAsifMPA2007,
     author = {Malima, Asanterabi and Sabanovic, Asif},
     title = {Motion planning and assembly for microassembly workstation},
     booktitle = {ISCO},
     pages = {467--474},
     year = {2007},
}

@article{PearlKimSAH1982,
    author = {Pearl, Judea and Kim, Jin H.},
    journal = {IEEE Trans. Pattern Anal. Mach. Intell.},
    title = {Studies in Semi-Admissible Heuristics.},
    number = 4,
    pages = {392--399},
    volume = 4,
    year = 1982
}

@inproceedings{Pohl1973ACH,
    author = {Pohl, Ira},
    title = {The avoidance of (relative) catastrophe, heuristic competence, genuine dynamic weighting and computational issues in heuristic problem solving},
    booktitle = {IJCAI},
    year = {1973},
    pages = {12--17},
}

@inproceedings{SturtevantFBSN2009,
 author = {Sturtevant, Nathan and
           Felner, Ariel and
           Barrer, Max and
           Schaeffer, Jonathan and
           Burch, Neil},
 title = {Memory-based Heuristics for Explicit State Spaces},
 booktitle = {IJCAI},
 year = {2009},
}

@article{FelnerZHSSZ11,
  author    = {Ariel Felner and
               Uzi Zahavi and
               Robert Holte and
               Jonathan Schaeffer and
               Nathan R. Sturtevant and
               Zhifu Zhang},
  title     = {Inconsistent heuristics in theory and practice},
  journal   = {Artif. Intell.},
  volume    = {175},
  number    = {9--10},
  year      = {2011},
  pages     = {1570-1603},
}

@inproceedings{DistanceEstimatesThayerRuml2009,
  author    = {Jordan Tyler Thayer and
               Wheeler Ruml},
  title     = {Using Distance Estimates in Heuristic Search},
  booktitle = {ICAPS},
  year      = {2009},
}

@article{DBLP:journals/jair/HansenZ07,
  author    = {Eric A. Hansen and
               Rong Zhou},
  title     = {Anytime Heuristic Search},
  journal   = {J. Artif. Intell. Res. (JAIR)},
  volume    = {28},
  year      = {2007},
  pages     = {267-297}
}

@inproceedings{AnytimeThayerRuml2010,
  author    = {Jordan Thayer and
               Wheeler Ruml},
  title     = {Anytime Heuristic Search: Frameworks and Algorithms},
  booktitle = {SOCS},
  year      = {2010},
}


@inproceedings{WiltR12,
  author    = {Christopher Makoto Wilt and
               Wheeler Ruml},
  title     = {When Does Weighted {A}* Fail?},
  booktitle = {SOCS},
  year      = {2012}
}

@inproceedings{PotentialSearch2011,
  author    = {Roni Stern and
               Rami Puzis and
               Ariel Felner},
  title     = {Potential search: a bounded-cost search algorithm},
  booktitle = {ICAPS},
  year      = {2011},
}

@inproceedings{ThayerR11BoundedSuboptimalSearch,
  author    = {Jordan Tyler Thayer and
               Wheeler Ruml},
  title     = {Bounded Suboptimal Search: {A} Direct Approach Using Inadmissible
               Estimates},
  booktitle = {IJCAI},
  year      = {2011},
}

@book{NauG04AutomatedPlanning,
 author = {Nau, Dana and Ghallab, Malik and Traverso, Paolo},
 title = {Automated Planning: Theory \& Practice},
 year = {2004},
 publisher = {Morgan Kaufmann Publishers Inc.},
}

@inproceedings{ThayerSFR12,
  author    = {Jordan Tyler Thayer and
               Roni Stern and
               Ariel Felner and
               Wheeler Ruml},
  title     = {Faster Bounded-Cost Search Using Inadmissible Estimates},
  booktitle = {ICAPS},
  year      = {2012},
}

@article{SternFBPSG14,
  author    = {Roni Stern and
               Ariel Felner and
               Jur van den Berg and
               Rami Puzis and
               Rajat Shah and
               Ken Goldberg},
  title     = {Potential-based bounded-cost search and Anytime Non-Parametric \astar{}},
  journal   = {Artificial Intelligence},
  volume    = {214},
  pages     = {1--25},
  year      = {2014},
}

@inproceedings{ZahaviFSS07,
  author    = {Uzi Zahavi and
               Ariel Felner and
               Jonathan Schaeffer and
               Nathan R. Sturtevant},
  title     = {Inconsistent Heuristics},
  booktitle = {AAAI},
  pages     = {1211--1216},
  year      = {2007},
}
